<record><leader>00000cas a22000007a 4500</leader><controlfield tag="001">15960045</controlfield><controlfield tag="008">870615d19011905iaucr ne      0    0eng d</controlfield><datafield ind1=" " ind2=" " tag="010"><subfield code="a">sn 87058288 </subfield></datafield><datafield ind1=" " ind2=" " tag="040"><subfield code="a">INP</subfield><subfield code="b">eng</subfield><subfield code="c">INP</subfield><subfield code="d">OCLCQ</subfield></datafield><datafield ind1=" " ind2=" " tag="042"><subfield code="a">msc</subfield></datafield><datafield ind1="0" ind2=" " tag="130"><subfield code="a">Waterloo times-tribune (Waterloo, Iowa : 1901)</subfield></datafield><datafield ind1="1" ind2="4" tag="245"><subfield code="a">The Waterloo times-tribune.</subfield></datafield><datafield ind1="3" ind2="0" tag="246"><subfield code="a">Times-tribune</subfield></datafield><datafield ind1=" " ind2=" " tag="260"><subfield code="a">Waterloo, Iowa :</subfield><subfield code="b">Times Pub. Co.,</subfield><subfield code="c">1901-1905.</subfield></datafield><datafield ind1=" " ind2=" " tag="300"><subfield code="a">5 v.</subfield></datafield><datafield ind1=" " ind2=" " tag="310"><subfield code="a">Semiweekly,</subfield><subfield code="b">Sept. 10, 1901-Sept. 29, 1905</subfield></datafield><datafield ind1=" " ind2=" " tag="321"><subfield code="a">Weekly,</subfield><subfield code="b">May 9-Sept. 5, 1901</subfield></datafield><datafield ind1="0" ind2=" " tag="362"><subfield code="a">Vol. 21, no. 38 (May 9, 1901)-v. 25, no. 95 (Sept. 29, 1905) = Whole no. 1128-whole no. 1569.</subfield></datafield><datafield ind1=" " ind2=" " tag="752"><subfield code="a">United States</subfield><subfield code="b">Iowa</subfield><subfield code="c">Black Hawk</subfield><subfield code="d">Waterloo.</subfield></datafield><datafield ind1="0" ind2="4" tag="780"><subfield code="t">Waterloo times (Waterloo, Iowa)</subfield><subfield code="w">(DLC)sn 87058287</subfield></datafield><datafield ind1="0" ind2="4" tag="780"><subfield code="t">Waterloo tribune (Waterloo, Iowa : 1879)</subfield><subfield code="w">(DLC)sn 87058286</subfield></datafield><datafield ind1="0" ind2="0" tag="785"><subfield code="t">Daily times-tribune (Waterloo, Iowa)</subfield><subfield code="w">(DLC)sn 87058289</subfield></datafield></record>